% **********************************************************************************************************************************************************
% ***** Computer Vision
% **********************************************************************************************************************************************************

@article{lagunas2019similarity,
  title={A similarity measure for material appearance},
  author={Lagunas, Manuel and Malpica, Sandra and Serrano, Ana and Garces, Elena and Gutierrez, Diego and Masia, Belen},
  journal={arXiv preprint arXiv:1905.01562},
  year={2019}
}

@book{yannakakis2018artificial,
    title={{Artificial Intelligence and Games}},
    author={Georgios N. Yannakakis and Julian Togelius},
    publisher={Springer},
    note={\url{https://gameaibook.org}},
    year={2018}
}

@inproceedings{patow2003survey,
  title={A survey of inverse rendering problems},
  author={Patow, Gustavo and Pueyo, Xavier},
  booktitle={Computer graphics forum},
  volume={22},
  number={4},
  pages={663--687},
  year={2003},
  organization={Wiley Online Library}
}

@inproceedings{andriluka20142d,
  title={2d human pose estimation: New benchmark and state of the art analysis},
  author={Andriluka, Mykhaylo and Pishchulin, Leonid and Gehler, Peter and Schiele, Bernt},
  booktitle={Proceedings of the IEEE Conference on computer Vision and Pattern Recognition},
  pages={3686--3693},
  year={2014}
}

@inproceedings{kalogerakis20173d,
  title={3D shape segmentation with projective convolutional networks},
  author={Kalogerakis, Evangelos and Averkiou, Melinos and Maji, Subhransu and Chaudhuri, Siddhartha},
  booktitle={proceedings of the IEEE conference on computer vision and pattern recognition},
  pages={3779--3788},
  year={2017}
}

@ARTICLE{minae_segmentation,
  author={Minaee, Shervin and Boykov, Yuri and Porikli, Fatih and Plaza, Antonio and Kehtarnavaz, Nasser and Terzopoulos, Demetri},
  journal={IEEE Transactions on Pattern Analysis and Machine Intelligence}, 
  title={Image Segmentation Using Deep Learning: A Survey}, 
  year={2022},
  volume={44},
  number={7},
  pages={3523-3542},
  keywords={Image segmentation;Computer architecture;Semantics;Deep learning;Computational modeling;Generative adversarial networks;Logic gates;Image segmentation;deep learning;convolutional neural networks;encoder-decoder models;recurrent models;generative models;semantic segmentation;instance segmentation;panoptic segmentation;medical image segmentation},
  doi={10.1109/TPAMI.2021.3059968}}

@InProceedings{Redmon_2016_CVPR,
author = {Redmon, Joseph and Divvala, Santosh and Girshick, Ross and Farhadi, Ali},
title = {You Only Look Once: Unified, Real-Time Object Detection},
booktitle = {Proceedings of the IEEE Conference on Computer Vision and Pattern Recognition (CVPR)},
month = {June},
year = {2016}
}

@book{szeliski2022computer,
  title={Computer vision: algorithms and applications},
  author={Szeliski, Richard},
  year={2022},
  publisher={Springer Nature}
}

@book{goodfellow2016deep,
  title={Deep learning},
  author={Goodfellow, Ian and Bengio, Yoshua and Courville, Aaron},
  year={2016},
  publisher={MIT press}
}

@INPROCEEDINGS{rusu2011pcl,
  author={Rusu, Radu Bogdan and Cousins, Steve},
  booktitle={2011 IEEE International Conference on Robotics and Automation}, 
  title={3D is here: Point Cloud Library (PCL)}, 
  year={2011},
  volume={},
  number={},
  pages={1-4},
  keywords={Point cloud compression;Three-dimensional displays;Libraries;Codes;Cloud computing;Data visualization;Robots},
  doi={10.1109/ICRA.2011.5980567}}

@inproceedings{hu2021vmnet,
  title={Vmnet: Voxel-mesh network for geodesic-aware 3d semantic segmentation},
  author={Hu, Zeyu and Bai, Xuyang and Shang, Jiaxiang and Zhang, Runze and Dong, Jiayu and Wang, Xin and Sun, Guangyuan and Fu, Hongbo and Tai, Chiew-Lan},
  booktitle={Proceedings of the IEEE/CVF International Conference on Computer Vision},
  pages={15488--15498},
  year={2021}
}

@article{feng2020semantic3d,
title = {Point attention network for semantic segmentation of 3D point clouds},
journal = {Pattern Recognition},
volume = {107},
pages = {107446},
year = {2020},
issn = {0031-3203},
doi = {https://doi.org/10.1016/j.patcog.2020.107446},
url = {https://www.sciencedirect.com/science/article/pii/S0031320320302491},
author = {Mingtao Feng and Liang Zhang and Xuefei Lin and Syed Zulqarnain Gilani and Ajmal Mian},
keywords = {Semantic segmentation, 3D point cloud, Point attention network, Deep learning},
abstract = {Convolutional Neural Networks (CNNs) have performed extremely well on data represented by regularly arranged grids such as images. However, directly leveraging the classic convolution kernels or parameter sharing mechanisms on sparse 3D point clouds is inefficient due to their irregular and unordered nature. We propose a point attention network that learns rich local shape features and their contextual correlations for 3D point cloud semantic segmentation. Since the geometric distribution of the neighboring points is invariant to the point ordering, we propose a Local Attention-Edge Convolution (LAE-Conv) to construct a local graph based on the neighborhood points searched in multi-directions. We assign attention coefficients to each edge and then aggregate the point features as a weighted sum of its neighbors. The learned LAE-Conv layer features are then given to a point-wise spatial attention module to generate an interdependency matrix of all points regardless of their distances, which captures long-range spatial contextual features contributing to more precise semantic information. The proposed point attention network consists of an encoder and decoder which, together with the LAE-Conv layers and the point-wise spatial attention modules, make it an end-to-end trainable network for predicting dense labels for 3D point cloud segmentation. Experiments on challenging benchmarks of 3D point clouds show that our algorithm can perform at par or better than the existing state of the art methods.}
}

@article{chen2009benchmark,
  title={A benchmark for 3D mesh segmentation},
  author={Chen, Xiaobai and Golovinskiy, Aleksey and Funkhouser, Thomas},
  journal={Acm transactions on graphics (tog)},
  volume={28},
  number={3},
  pages={1--12},
  year={2009},
  publisher={ACM New York, NY, USA}
}

@inproceedings{bauer2021nvs,
  title={NVS-MonoDepth: Improving monocular depth prediction with novel view synthesis},
  author={Bauer, Zuria and Li, Zuoyue and Orts-Escolano, Sergio and Cazorla, Miguel and Pollefeys, Marc and Oswald, Martin R},
  booktitle={2021 International Conference on 3D Vision (3DV)},
  pages={848--858},
  year={2021},
  organization={IEEE}
}

@InProceedings{Dolhasz_2020_CVPR,
author = {Dolhasz, Alan and Harvey, Carlo and Williams, Ian},
title = {Learning to Observe: Approximating Human Perceptual Thresholds for Detection of Suprathreshold Image Transformations},
booktitle = {Proceedings of the IEEE/CVF Conference on Computer Vision and Pattern Recognition (CVPR)},
month = {June},
year = {2020}
}

@inproceedings{lin2017focal,
  title={Focal loss for dense object detection},
  author={Lin, Tsung-Yi and Goyal, Priya and Girshick, Ross and He, Kaiming and Doll{\'a}r, Piotr},
  booktitle={Proceedings of the IEEE international conference on computer vision},
  pages={2980--2988},
  year={2017}
}
@article{schwartz2019recognizing,
  title={Recognizing material properties from images},
  author={Schwartz, Gabriel and Nishino, Ko},
  journal={IEEE transactions on pattern analysis and machine intelligence},
  year={2019},
  publisher={IEEE},
  number={1},
  pages={1},
  volume={1}
}
@ARTICLE{slic6205760,
  author={R. {Achanta} and A. {Shaji} and K. {Smith} and A. {Lucchi} and P. {Fua} and S. {SÃ¼sstrunk}},
  journal={IEEE Transactions on Pattern Analysis and Machine Intelligence}, 
  title={SLIC Superpixels Compared to State-of-the-Art Superpixel Methods}, 
  year={2012},
  volume={34},
  number={11},
  pages={2274-2282},
  doi={10.1109/TPAMI.2012.120}
}
@article{ding2001canny,
  title={On the Canny edge detector},
  author={Ding, Lijun and Goshtasby, Ardeshir},
  journal={Pattern Recognition},
  volume={34},
  number={3},
  pages={721--725},
  year={2001},
  publisher={Elsevier}
}

@article{giordano2006material,
  title={Material identification of real impact sounds: Effects of size variation in steel, glass, wood, and plexiglass plates},
  author={Giordano, Bruno L and McAdams, Stephen},
  journal={The Journal of the Acoustical Society of America},
  volume={119},
  number={2},
  pages={1171--1181},
  year={2006},
  publisher={Acoustical Society of America}
}
@inproceedings{ronneberger2015u,
  title={U-net: Convolutional networks for biomedical image segmentation},
  author={Ronneberger, Olaf and Fischer, Philipp and Brox, Thomas},
  booktitle={International Conference on Medical image computing and computer-assisted intervention},
  pages={234--241},
  year={2015},
  organization={Springer}
}
@inproceedings{he2016deep,
  title={Deep residual learning for image recognition},
  author={He, Kaiming and Zhang, Xiangyu and Ren, Shaoqing and Sun, Jian},
  booktitle={Proceedings of the IEEE conference on computer vision and pattern recognition},
  pages={770--778},
  year={2016}
}

@article{bell2013opensurfaces,
  title={OpenSurfaces: A richly annotated catalog of surface appearance},
  author={Bell, Sean and Upchurch, Paul and Snavely, Noah and Bala, Kavita},
  journal={ACM Transactions on graphics (TOG)},
  volume={32},
  number={4},
  pages={1--17},
  year={2013},
  publisher={ACM New York, NY, USA}
}

@inproceedings{deng2009imagenet,
  title={Imagenet: A large-scale hierarchical image database},
  author={Deng, Jia and Dong, Wei and Socher, Richard and Li, Li-Jia and Li, Kai and Fei-Fei, Li},
  booktitle={2009 IEEE conference on computer vision and pattern recognition},
  pages={248--255},
  year={2009},
  organization={Ieee}
}

@InProceedings{Singh_2021_ICCV,
    author    = {Singh, Nikhil and Mentch, Jeff and Ng, Jerry and Beveridge, Matthew and Drori, Iddo},
    title     = {Image2Reverb: Cross-Modal Reverb Impulse Response Synthesis},
    booktitle = {Proceedings of the IEEE/CVF International Conference on Computer Vision (ICCV)},
    month     = {October},
    year      = {2021},
    pages     = {286-295}
}

@article{somayazulu2023self,
  title={Self-Supervised Visual Acoustic Matching},
  author={Somayazulu, Arjun and Chen, Changan and Grauman, Kristen},
  journal={arXiv preprint arXiv:2307.15064},
  year={2023}
}

@inproceedings{kim2019immersive,
  title={Immersive spatial audio reproduction for VR/AR using room acoustic modelling from 360 images},
  author={Kim, Hansung and Hernaggi, Luca and Jackson, Philip JB and Hilton, Adrian},
  booktitle={2019 IEEE Conference on Virtual Reality and 3D User Interfaces (VR)},
  pages={120--126},
  year={2019},
  organization={IEEE}
}

@inproceedings{mao2018aic2018,
  title={Aic2018 report: Traffic surveillance research},
  author={Mao, Tingyu and Zhang, Wei and He, Haoyu and Lin, Yanjun and Kale, Vinay and Stein, Alexander and Kostic, Zoran},
  booktitle={Proceedings of the IEEE Conference on Computer Vision and Pattern Recognition Workshops},
  pages={85--92},
  year={2018}
}
@article{chen2018context,
  title={Context-aware mixed reality: A framework for ubiquitous interaction},
  author={Chen, Long and Tang, Wen and John, Nigel and Wan, Tao Ruan and Zhang, Jian Jun},
  journal={arXiv preprint arXiv:1803.05541},
  year={2018}
}

@article{chang2017matterport3d,
  title={Matterport3d: Learning from rgb-d data in indoor environments},
  author={Chang, Angel and Dai, Angela and Funkhouser, Thomas and Halber, Maciej and Niessner, Matthias and Savva, Manolis and Song, Shuran and Zeng, Andy and Zhang, Yinda},
  journal={arXiv preprint arXiv:1709.06158},
  year={2017}
}

@article{dourado2019edgenet,
  title={EdgeNet: Semantic Scene Completion from RGB-D images},
  author={Dourado, Aloisio and de Campos, Teofilo Emidio and Kim, Hansung and Hilton, Adrian},
  journal={arXiv preprint arXiv:1908.02893},
  year={2019}
}

@inproceedings{qiu2016unrealcv,
  title={Unrealcv: Connecting computer vision to unreal engine},
  author={Qiu, Weichao and Yuille, Alan},
  booktitle={European Conference on Computer Vision},
  pages={909--916},
  year={2016},
  organization={Springer}
}

@article{bansal2016pixelnet,
  title={Pixelnet: Towards a general pixel-level architecture},
  author={Bansal, Aayush and Chen, Xinlei and Russell, Bryan and Gupta, Abhinav and Ramanan, Deva},
  journal={arXiv preprint arXiv:1609.06694},
  year={2016}
}

@inproceedings{sengupta2019neural,
  title={Neural inverse rendering of an indoor scene from a single image},
  author={Sengupta, Soumyadip and Gu, Jinwei and Kim, Kihwan and Liu, Guilin and Jacobs, David W and Kautz, Jan},
  booktitle={Proceedings of the IEEE International Conference on Computer Vision},
  pages={8598--8607},
  year={2019}
}

@inproceedings{chen2022visual,
  title={Visual Acoustic Matching},
  author={Chen, Changan and Gao, Ruohan and Calamia, Paul and Grauman, Kristen},
  booktitle={Proceedings of the IEEE/CVF Conference on Computer Vision and Pattern Recognition},
  pages={18858--18868},
  year={2022}
}

@article{ungureanu2020hololens,
  title={Hololens 2 research mode as a tool for computer vision research},
  author={Ungureanu, Dorin and Bogo, Federica and Galliani, Silvano and Sama, Pooja and Duan, Xin and Meekhof, Casey and St{\"u}hmer, Jan and Cashman, Thomas J and Tekin, Bugra and Sch{\"o}nberger, Johannes L and others},
  journal={arXiv preprint arXiv:2008.11239},
  year={2020}
}

@inproceedings{davison2003real,
  title={Real-time simultaneous localisation and mapping with a single camera},
  author={Davison},
  booktitle={Proceedings Ninth IEEE International Conference on Computer Vision},
  pages={1403--1410},
  year={2003},
  organization={IEEE}
}

@inproceedings{manocha2021cdpam,
  title={CDPAM: Contrastive learning for perceptual audio similarity},
  author={Manocha, Pranay and Jin, Zeyu and Zhang, Richard and Finkelstein, Adam},
  booktitle={ICASSP 2021-2021 IEEE International Conference on Acoustics, Speech and Signal Processing (ICASSP)},
  pages={196--200},
  year={2021},
  organization={IEEE}
}

% **********************************************************************************************************************************************************
% ***** Classic acoustics / psychoacoustics
% **********************************************************************************************************************************************************
@article{rindel2000use,
  title={The use of computer modeling in room acoustics},
  author={Rindel, Jens Holger},
  journal={Journal of vibroengineering},
  volume={3},
  number={4},
  pages={219--224},
  year={2000},
  publisher={Vibromechanika}
}

@article{arvidsson2021subjective,
  title={Subjective experience of speech depending on the acoustic treatment in an ordinary room},
  author={Arvidsson, Emma and Nilsson, Erling and Bard-Hagberg, Delphine and Karlsson, Ola JI},
  journal={International Journal of Environmental Research and Public Health},
  volume={18},
  number={23},
  pages={12274},
  year={2021},
  publisher={MDPI}
}

@article{abesser2020review,
  title={A review of deep learning based methods for acoustic scene classification},
  author={Abe{\ss}er, Jakob},
  journal={Applied Sciences},
  volume={10},
  number={6},
  pages={2020},
  year={2020},
  publisher={MDPI}
}

@book{virtanen2006sound,
  title={Sound source separation in monaural music signals},
  author={Virtanen, Tuomas},
  year={2006},
  publisher={Tampere University of Technology}
}

@inproceedings{reilly1995convolution,
  title={Convolution processing for realistic reverberation},
  author={Reilly, Andrew and McGrath, David},
  booktitle={Audio Engineering Society Convention 98},
  year={1995},
  organization={Audio Engineering Society}
}

@inproceedings{gonzalez2023binaural,
  title={The Binaural Rendering Toolbox. A virtual laboratory for reproducible research in psychoacoustics},
  author={Gonz{\'a}lez-Toledo, Daniel and Molina-Tanco, Luis and Cuevas-Rodriguez, M and Majdak, Piotr and Reyes-Lecuona, Arcadio},
  booktitle={Forum Acusticum},
  year={2023}
}


@article{hacihabiboglu2017perceptual,
  title={Perceptual spatial audio recording, simulation, and rendering: An overview of spatial-audio techniques based on psychoacoustics},
  author={Hacihabiboglu, Huseyin and De Sena, Enzo and Cvetkovic, Zoran and Johnston, James and Smith III, Julius O},
  journal={IEEE Signal Processing Magazine},
  volume={34},
  number={3},
  pages={36--54},
  year={2017},
  publisher={IEEE}
}

@article{stan2002comparison,
  title={Comparison of different impulse response measurement techniques},
  author={Stan, Guy-Bart and Embrechts, Jean-Jacques and Archambeau, Dominique},
  journal={Journal of the Audio Engineering Society},
  volume={50},
  number={4},
  pages={249--262},
  year={2002},
  publisher={Audio Engineering Society}
}
@inproceedings{holters2009impulse,
  title={Impulse response measurement techniques and their applicability in the real world},
  author={Holters, Martin and Corbach, Tobias and Z{\"o}lzer, Udo},
  booktitle={Proceedings of the 12th International Conference on Digital Audio Effects (DAFx-09)},
  pages={1--5},
  year={2009},
  publisher={DAFX},
  address={Italy}
}
@book{blauert1997spatial,
  title={Spatial hearing: the psychophysics of human sound localization},
  author={Blauert, Jens},
  year={1997},
  publisher={MIT press}
}
@inproceedings{shivappa2016efficient,
  title={Efficient, compelling, and immersive vr audio experience using scene based audio/higher order ambisonics},
  author={Shivappa, Shankar and Morrell, Martin and Sen, Deep and Peters, Nils and Salehin, SM},
  booktitle={2016 AES International Conference on Audio for Virtual and Augmented Reality},
  year={2016}
}
@inproceedings{hoene2017mysofa,
  title={MySofaâDesign Your Personal HRTF},
  author={Hoene, Christian and Patino Mejia, Isabel C and Cacerovschi, Alexandru},
  booktitle={Audio Engineering Society Convention 142},
  year={2017},
  organization={Audio Engineering Society}
}
@inproceedings{plinge2018six,
  title={Six-degrees-of-freedom binaural audio reproduction of first-order ambisonics with distance information},
  author={Plinge, Axel and Schlecht, Sebatian J and Thiergart, Oliver and Robotham, Thomas and Rummukainen, Olli and Habets, Emanu{\"e}l AP},
  booktitle={Audio Engineering Society Conference: 2018 AES International Conference on Audio for Virtual and Augmented Reality},
  year={2018},
  organization={Audio Engineering Society}
}

@inproceedings{lee2011relationship,
  title={The relationship between interchannel time and level differences in vertical sound localization and masking},
  author={Lee, Hyunkook},
  booktitle={Audio Engineering Society Convention 131},
  year={2011},
  organization={Audio Engineering Society}
}

@misc{bs3382-1,
  title={ISO 3382-1: Acoustics - Measurement of Room Acoustic Parameters},
  author={BS 3382-1},
  url={https://www.iso.org/standard/40979.html},
  year={2009},
  publisher={International Organization for Standardization}
}

@INPROCEEDINGS{lima_RIR_Parameters,
  author={de Lima, Amaro A. and de M. Prego, Thiago and Netto, Sergio L. and Lee, Bowon and Said, Amir and Schafer, Ronald W. and Kalker, Ton and Fozunbal, Majid},
  booktitle={2009 IEEE International Workshop on Multimedia Signal Processing}, 
  title={Feature analysis for quality assessment of reverberated speech}, 
  year={2009},
  volume={},
  number={},
  pages={1-5},
  doi={10.1109/MMSP.2009.5293326}}

@misc{sharath_adavanne_2018_1237752,
  author       = {Sharath Adavanne and
                  Archontis Politis and
                  Tuomas Virtanen},
  title        = {{TUT Sound Events 2018 - Circular array, Anechoic 
                   and Synthetic Impulse Response Dataset}},
  month        = apr,
  year         = 2018,
  publisher    = {Zenodo},
  doi          = {10.5281/zenodo.1237752},
  url          = {https://doi.org/10.5281/zenodo.1237752}
}

@article{kates2020adding,
  title={Adding air absorption to simulated room acoustic models},
  author={Kates, James M and Brandewie, Eugene J},
  journal={The Journal of the Acoustical Society of America},
  volume={148},
  number={5},
  pages={EL408--EL413},
  year={2020},
  publisher={Acoustical Society of America}
}

@book{smith1997scientist,
  title={The scientist and engineer's guide to digital signal processing},
  author={Smith, Steven W and others},
  year={1997},
  publisher={California Technical Pub. San Diego}
}

@article{savioja2015overview,
  title={Overview of geometrical room acoustic modeling techniques},
  author={Savioja, Lauri and Svensson, U Peter},
  journal={The Journal of the Acoustical Society of America},
  volume={138},
  number={2},
  pages={708--730},
  year={2015},
  publisher={Acoustical Society of America}
}

@article{savioja1999creating,
  title={Creating interactive virtual acoustic environments},
  author={Savioja, Lauri and Huopaniemi, Jyri and Lokki, Tapio and V{\"a}{\"a}n{\"a}nen, Ritta},
  journal={Journal of the Audio Engineering Society},
  volume={47},
  number={9},
  pages={675--705},
  year={1999},
  publisher={Audio Engineering Society}
}

@article{habets2006room,
  title={Room impulse response generator},
  author={Habets, Emanuel AP},
  journal={Technische Universiteit Eindhoven, Tech. Rep},
  volume={2},
  number={2.4},
  pages={1},
  year={2006}
}

@article{allen1979image,
  title={Image method for efficiently simulating small-room acoustics},
  author={Allen, Jont B and Berkley, David A},
  journal={The Journal of the Acoustical Society of America},
  volume={65},
  number={4},
  pages={943--950},
  year={1979},
  publisher={Acoustical Society of America}
}
@conference{waet2015,
	Author = {Jillings, Nicholas and Moffat, David and De Man, Brecht and Reiss, Joshua D.},
    Booktitle = {12th Sound and Music Computing Conference},
    Month = {July},
    Title = {Web {A}udio {E}valuation {T}ool: {A} browser-based listening test environment},
	Year = {2015}
}

@article{series2014method,
  title={Method for the subjective assessment of intermediate quality level of audio systems},
  author={Series, B},
  journal={International Telecommunication Union Radiocommunication Assembly},
  year={2014}
}

@inproceedings{rummukainen2018audio,
  title={Audio quality evaluation in virtual reality: multiple stimulus ranking with behavior tracking},
  author={Rummukainen, Olli and Robotham, Thomas and Schlecht, Sebastian J and Plinge, Axel and Herre, J{\"u}rgen and Habels, Emmanu{\"e}l AP},
  booktitle={Audio Engineering Society Conference: 2018 AES International Conference on Audio for Virtual and Augmented Reality},
  year={2018},
  organization={Audio Engineering Society}
}

@inproceedings{farina07,
  title={Advancements in impulse response measurements by sine sweeps},
  author={Farina, Angelo},
  booktitle={Audio engineering society convention 122},
  year={2007},
  organization={Audio Engineering Society}
}

@book{shenoi2005introduction,
  title={Introduction to digital signal processing and filter design},
  author={Shenoi, Belle A},
  volume={169},
  year={2005},
  publisher={John Wiley \& Sons}
}

@book{ballou2013handbook,
  title={Handbook for sound engineers},
  author={Ballou, Glen},
  year={2013},
  publisher={Taylor \& Francis}
}

@article{cowan2010gpu,
  title={GPU-based real-time acoustical occlusion modeling},
  author={Cowan, Brent and Kapralos, Bill},
  journal={Virtual reality},
  volume={14},
  pages={183--196},
  year={2010},
  publisher={Springer}
}

@book{kuttruff2016room,
  title={Room acoustics},
  author={Kuttruff, Heinrich},
  year={2016},
  publisher={Crc Press}
}
@book{zwicker2013psychoacoustics,
  title={Psychoacoustics: Facts and models},
  author={Zwicker, Eberhard and Fastl, Hugo},
  volume={22},
  year={2013},
  publisher={Springer Science \& Business Media}
}
@inproceedings{mesaros2016tut,
  title={TUT database for acoustic scene classification and sound event detection},
  author={Mesaros, Annamaria and Heittola, Toni and Virtanen, Tuomas},
  booktitle={2016 24th European Signal Processing Conference (EUSIPCO)},
  pages={1128--1132},
  year={2016},
  volume={1},
  organization={IEEE},
  address={Europe},
  publisher={IEEE}
}

% **********************************************************************************************************************************************************
% ***** Sound Rendering
% **********************************************************************************************************************************************************
@article{luo2022learning,
  title={Learning neural acoustic fields},
  author={Luo, Andrew and Du, Yilun and Tarr, Michael and Tenenbaum, Josh and Torralba, Antonio and Gan, Chuang},
  journal={Advances in Neural Information Processing Systems},
  volume={35},
  pages={3165--3177},
  year={2022}
}

@article{raghuvanshi2018parametric,
  title={Parametric directional coding for precomputed sound propagation},
  author={Raghuvanshi, Nikunj and Snyder, John},
  journal={ACM Transactions on Graphics (TOG)},
  volume={37},
  number={4},
  pages={1--14},
  year={2018},
  publisher={ACM New York, NY, USA}
}

@inproceedings{lakka2021x3d,
  title={X3D Audio Graph for the consistent declarative representation of the W3C Audio API},
  author={Lakka, Eftychia and Papadaki, Maria and Brutzman, Don and Puk, Richard and Malamos, Athanasios G},
  booktitle={The 26th International Conference on 3D Web Technology},
  pages={1--5},
  year={2021}
}

@inproceedings{naef2002spatialized,
  title={Spatialized audio rendering for immersive virtual environments},
  author={Naef, Martin and Staadt, Oliver and Gross, Markus},
  booktitle={Proceedings of the ACM symposium on Virtual reality software and technology},
  pages={65--72},
  year={2002}
}

@inproceedings{chen2023everywhere,
  title={Be Everywhere-Hear Everything (BEE): Audio Scene Reconstruction by Sparse Audio-Visual Samples},
  author={Chen, Mingfei and Su, Kun and Shlizerman, Eli},
  booktitle={Proceedings of the IEEE/CVF International Conference on Computer Vision},
  pages={7853--7862},
  year={2023}
}

@article{manocha2020differentiable,
  title={A differentiable perceptual audio metric learned from just noticeable differences},
  author={Manocha, Pranay and Finkelstein, Adam and Jin, Zeyu and Bryan, Nicholas J and Zhang, Richard and Mysore, Gautham J},
  journal={arXiv preprint arXiv:2001.04460},
  year={2020},
  number={1},
  pages={1},
  volume={1}
}

@article{deines2006comparative,
  title={Comparative visualization for wave-based and geometric acoustics},
  author={Deines, Eduard and Bertram, Martin and Mohring, Jan and Jegorovs, Jevgenij and Michel, Frank and Hagen, Hans and Nielson, Gregory M},
  journal={IEEE Transactions on Visualization and Computer Graphics},
  volume={12},
  number={5},
  pages={1173--1180},
  year={2006},
  publisher={IEEE}
}

@article{schissler2017acoustic,
  title={Acoustic classification and optimization for multi-modal rendering of real-world scenes},
  author={Schissler, Carl and Loftin, Christian and Manocha, Dinesh},
  journal={IEEE transactions on visualization and computer graphics},
  volume={24},
  number={3},
  pages={1246--1259},
  year={2017},
  publisher={IEEE}
}

@article{saviojaGA,
    author = {Savioja, Lauri and Svensson, U. Peter},
    title = "{Overview of geometrical room acoustic modeling techniques}",
    journal = {The Journal of the Acoustical Society of America},
    volume = {138},
    number = {2},
    pages = {708-730},
    year = {2015},
    month = {08},
    abstract = "{Computerized room acoustics modeling has been practiced for almost 50 years up to date. These modeling techniques play an important role in room acoustic design nowadays, often including auralization, but can also help in the construction of virtual environments for such applications as computer games, cognitive research, and training. This overview describes the main principles, landmarks in the development, and state-of-the-art for techniques that are based on geometrical acoustics principles. A focus is given to their capabilities to model the different aspects of sound propagation: specular vs diffuse reflections, and diffraction.}",
    issn = {0001-4966},
    doi = {10.1121/1.4926438},
    url = {https://doi.org/10.1121/1.4926438},
    eprint = {https://pubs.aip.org/asa/jasa/article-pdf/138/2/708/13242401/708\_1\_online.pdf},
}

@article{siltanen2010room,
  title={Room acoustics modeling with acoustic radiance transfer},
  author={Siltanen, Samuel and Lokki, Tapio and Savioja, Lauri},
  journal={Proc. ISRA Melbourne},
  year={2010}
}

@article{tang2020scene,
  title={Scene-aware audio rendering via deep acoustic analysis},
  author={Tang, Zhenyu and Bryan, Nicholas J and Li, Dingzeyu and Langlois, Timothy R and Manocha, Dinesh},
  journal={IEEE transactions on visualization and computer graphics},
  volume={26},
  number={5},
  pages={1991--2001},
  year={2020},
  publisher={IEEE}
}

@article{schissler2014high,
  title={High-order diffraction and diffuse reflections for interactive sound propagation in large environments},
  author={Schissler, Carl and Mehra, Ravish and Manocha, Dinesh},
  journal={ACM Transactions on Graphics (TOG)},
  volume={33},
  number={4},
  pages={1--12},
  year={2014},
  publisher={ACM New York, NY, USA}
}

@article{mehra2012efficient,
  title={An efficient GPU-based time domain solver for the acoustic wave equation},
  author={Mehra, Ravish and Raghuvanshi, Nikunj and Savioja, Lauri and Lin, Ming C and Manocha, Dinesh},
  journal={Applied Acoustics},
  volume={73},
  number={2},
  pages={83--94},
  year={2012},
  publisher={Elsevier}
}

@article{chandak2008ad,
  title={Ad-frustum: Adaptive frustum tracing for interactive sound propagation},
  author={Chandak, Anish and Lauterbach, Christian and Taylor, Micah and Ren, Zhimin and Manocha, Dinesh},
  journal={IEEE Transactions on Visualization and Computer Graphics},
  volume={14},
  number={6},
  pages={1707--1722},
  year={2008},
  publisher={IEEE}
}

@inproceedings{tsingos2001modeling,
  title={Modeling acoustics in virtual environments using the uniform theory of diffraction},
  author={Tsingos, Nicolas and Funkhouser, Thomas and Ngan, Addy and Carlbom, Ingrid},
  booktitle={Proceedings of the 28th annual conference on Computer graphics and interactive techniques},
  pages={545--552},
  year={2001}
}

@article{diaz2021gpurir,
  title={gpuRIR: A python library for room impulse response simulation with GPU acceleration},
  author={Diaz-Guerra, David and Miguel, Antonio and Beltran, Jose R},
  journal={Multimedia Tools and Applications},
  volume={80},
  number={4},
  pages={5653--5671},
  year={2021},
  publisher={Springer}
}

@article{taylor2012guided,
  title={Guided multiview ray tracing for fast auralization},
  author={Taylor, Micah and Chandak, Anish and Mo, Qi and Lauterbach, Christian and Schissler, Carl and Manocha, Dinesh},
  journal={IEEE Transactions on Visualization and Computer Graphics},
  volume={18},
  number={11},
  pages={1797--1810},
  year={2012},
  publisher={IEEE}
}

@book{schroder2011physically,
  title={Physically based real-time auralization of interactive virtual environments},
  author={Schr{\"o}der, Dirk},
  volume={11},
  year={2011},
  publisher={Logos Verlag Berlin GmbH}
}

@inproceedings{savioja2010use,
  title={Use of GPUs in room acoustic modeling and auralization},
  author={Savioja, Lauri and Manocha, Dinesh and Lin, M},
  booktitle={Proc. Int. Symposium on Room Acoustics},
  pages={3},
  year={2010}
}

@book{vorlander2008simulation,
  title={Simulation of sound in rooms},
  author={Vorl{\"a}nder, Michael},
  year={2008},
  publisher={Springer}
}

@inproceedings{pelzer2010frequency,
  title={Frequency-and time-dependent geometry for real-time auralizations},
  author={Pelzer, S{\"o}nke and Vorl{\"a}nder, Michael},
  booktitle={Proceedings of 20th International Congress on Acoustics, ICA},
  pages={1--7},
  year={2010}
}

@article{lakka2018spatial,
  title={Spatial sound rendering--a survey},
  author={Lakka, Eftychia and Malamos, Athanasios G and Pavlakis, Konstantinos G and Ware, J Andrew},
  journal={IJIMAI},
  volume={5},
  number={3},
  pages={33--45},
  year={2018},
  publisher={UNIR-Universidad Internacional de La Rioja}
}

@inproceedings{hulusic2012acoustic,
  title={Acoustic rendering and auditory--visual cross-modal perception and interaction},
  author={Hulusic, Vedad and Harvey, Carlo and Debattista, Kurt and Tsingos, Nicolas and Walker, Steve and Howard, David and Chalmers, Alan},
  booktitle={Computer Graphics Forum},
  volume={31},
  pages={102--131},
  year={2012},
  organization={Wiley Online Library}
}

@article{hamilton2017fdtd,
  title={FDTD methods for 3-D room acoustics simulation with high-order accuracy in space and time},
  author={Hamilton, Brian and Bilbao, Stefan},
  journal={IEEE/ACM Transactions on Audio, Speech, and Language Processing},
  volume={25},
  number={11},
  pages={2112--2124},
  year={2017},
  publisher={IEEE}
}

@article{raghuvanshi2014parametric,
  title={Parametric wave field coding for precomputed sound propagation},
  author={Raghuvanshi, Nikunj and Snyder, John},
  journal={ACM Transactions on Graphics (TOG)},
  volume={33},
  number={4},
  pages={1--11},
  year={2014},
  publisher={ACM New York, NY, USA}
}

@article{mehra2015wave,
  title={Wave: Interactive wave-based sound propagation for virtual environments},
  author={Mehra, Ravish and Rungta, Atul and Golas, Abhinav and Lin, Ming and Manocha, Dinesh},
  journal={IEEE transactions on visualization and computer graphics},
  volume={21},
  number={4},
  pages={434--442},
  year={2015},
  publisher={IEEE}
}

@article{rungta2016psychoacoustic,
  title={Psychoacoustic characterization of propagation effects in virtual environments},
  author={Rungta, Atul and Rust, Sarah and Morales, Nicolas and Klatzky, Roberta and Lin, Ming and Manocha, Dinesh},
  journal={ACM Transactions on Applied Perception (TAP)},
  volume={13},
  number={4},
  pages={1--18},
  year={2016},
  publisher={ACM New York, NY, USA}
}
@article{schissler2016interactive,
  title={Interactive sound propagation and rendering for large multi-source scenes},
  author={Schissler, Carl and Manocha, Dinesh},
  journal={ACM Transactions on Graphics (TOG)},
  volume={36},
  number={4},
  pages={1},
  year={2016},
  publisher={ACM New York, NY, USA}
}
@inproceedings{ratnarajah2022mesh2ir,
  title={MESH2IR: Neural acoustic impulse response generator for complex 3d scenes},
  author={Ratnarajah, Anton and Tang, Zhenyu and Aralikatti, Rohith and Manocha, Dinesh},
  booktitle={Proceedings of the 30th ACM International Conference on Multimedia},
  pages={924--933},
  year={2022}
}
@inproceedings{chen2023novel,
  title={Novel-view acoustic synthesis},
  author={Chen, Changan and Richard, Alexander and Shapovalov, Roman and Ithapu, Vamsi Krishna and Neverova, Natalia and Grauman, Kristen and Vedaldi, Andrea},
  booktitle={Proceedings of the IEEE/CVF Conference on Computer Vision and Pattern Recognition},
  pages={6409--6419},
  year={2023}
}
@article{kim2020acoustic,
  title={Acoustic Room Modelling using 360 Stereo Cameras},
  author={Kim, Hansung and Remaggi, Luca and Fowler, Sam and Jackson, Philip and Hilton, Adrian},
  journal={IEEE Transactions on Multimedia},
  year={2020},
    volume={1},
      pages={1},
  publisher={IEEE}
}
@article{li2018scene,
  title={Scene-aware audio for 360 videos},
  author={Li, Dingzeyu and Langlois, Timothy R and Zheng, Changxi},
  journal={ACM Transactions on Graphics (TOG)},
  volume={37},
  number={4},
  pages={1--12},
  year={2018},
  publisher={ACM New York, NY, USA}
}

@incollection{liu2022sound,
  title={Sound Rendering},
  author={Liu, Shiguang and Manocha, Dinesh},
  booktitle={Sound Synthesis, Propagation, and Rendering},
  pages={45--52},
  year={2022},
  publisher={Springer}
}

@article{liu2020sound,
  title={Sound Synthesis, Propagation, and Rendering: A Survey},
  author={Liu, Shiguang and Manocha, Dinesh},
  journal={arXiv preprint arXiv:2011.05538},
  year={2020},
  volume={1},
    pages={1},

  number={1}
}
@article{liang2023neural,
  title={Neural Acoustic Context Field: Rendering Realistic Room Impulse Response With Neural Fields},
  author={Liang, Susan and Huang, Chao and Tian, Yapeng and Kumar, Anurag and Xu, Chenliang},
  journal={arXiv preprint arXiv:2309.15977},
  year={2023}
}

@article{schissler2021fast,
  title={Fast diffraction pathfinding for dynamic sound propagation},
  author={Schissler, Carl and M{\"u}ckl, Gregor and Calamia, Paul},
  journal={ACM Transactions on Graphics (TOG)},
  volume={40},
  number={4},
  pages={1--13},
  year={2021},
  publisher={ACM New York, NY, USA}
}

@inproceedings{chen2023learning,
  title={Learning audio-visual dereverberation},
  author={Chen, Changan and Sun, Wei and Harwath, David and Grauman, Kristen},
  booktitle={ICASSP 2023-2023 IEEE International Conference on Acoustics, Speech and Signal Processing (ICASSP)},
  pages={1--5},
  year={2023},
  organization={IEEE}
}

@article{santos2018speech,
  title={Speech dereverberation with context-aware recurrent neural networks},
  author={Santos, Joao Felipe and Falk, Tiago H},
  journal={IEEE/ACM Transactions on Audio, Speech, and Language Processing},
  volume={26},
  number={7},
  pages={1236--1246},
  year={2018},
  publisher={IEEE}
}

@article{chen2022soundspaces,
  title={Soundspaces 2.0: A simulation platform for visual-acoustic learning},
  author={Chen, Changan and Schissler, Carl and Garg, Sanchit and Kobernik, Philip and Clegg, Alexander and Calamia, Paul and Batra, Dhruv and Robinson, Philip and Grauman, Kristen},
  journal={Advances in Neural Information Processing Systems},
  volume={35},
  pages={8896--8911},
  year={2022}
}

@inproceedings{yang2020fast,
  title={Fast synthesis of perceptually adequate room impulse responses from ultrasonic measurements},
  author={Yang, Jing and Pfreundtner, Felix and Barde, Amit and Heutschi, Kurt and S{\"o}r{\"o}s, G{\'a}bor},
  booktitle={Proceedings of the 15th International Audio Mostly Conference},
  pages={53--60},
  year={2020}
}

% **********************************************************************************************************************************************************
% ***** Immersion, presence, XR
% **********************************************************************************************************************************************************
@article{al2022review,
  title={A review of metaverseâs definitions, architecture, applications, challenges, issues, solutions, and future trends},
  author={Al-Ghaili, Abbas M and Kasim, Hairoladenan and Al-Hada, Naif Mohammed and Hassan, Zainuddin Bin and Othman, Marini and Tharik, Jakir Hussain and Kasmani, Rafiziana Md and Shayea, Ibraheem},
  journal={IEEE Access},
  volume={10},
  pages={125835--125866},
  year={2022},
  publisher={IEEE}
}

@INPROCEEDINGS{poeschl13,
 author={S. {Poeschl} and K. {Wall} and N. {Doering}},
 booktitle={2013 IEEE Virtual Reality (VR)},
 title={Integration of spatial sound in immersive virtual environments an experimental study on effects of spatial sound on presence},
 year={2013},
 number={1},
 pages={129-130},
 doi={10.1109/VR.2013.6549396},
 publisher={IEEE},
 address={USA}
}

@Inbook{Woodward2021,
author="Woodward, Bradley Friend",
editor="Jung, Timothy
and Dalton, Jeremy",
title="Cost-Effective and Eco-Friendly Fire Investigation Training Using Photorealistic Interactive Room Scale Virtual Reality",
bookTitle="XR Case Studies: Using Augmented Reality and Virtual Reality Technology in Business",
year="2021",
publisher="Springer International Publishing",
address="Cham",
pages="147--156",
abstract="Reality in Virtual Reality Limited (RiVR) conducted research with various fire services in UK, USA, and Europe to understand how fire departments train personnel in the discipline of fire investigation. The aim was to identify if this task could be replicated in VR using an immersive VR application to improve the health and safety of practitioners, reduce the ecological impact, save costs and improve accessibility. Although the product has only been released in 2020, the feedback and adoption provides a good example of the efficacy of immersive content for training and development in this particular field and has also helped to create a roadmap for future expansion across the blue light service community.",
isbn="978-3-030-72781-9",
doi="10.1007/978-3-030-72781-9_18",
url="https://doi.org/10.1007/978-3-030-72781-9_18"
}

@article{mehra2020potential,
  title={Potential of augmented reality platforms to improve individual hearing aids and to support more ecologically valid research},
  author={Mehra, Ravish and Brimijoin, Owen and Robinson, Philip and Lunner, Thomas},
  journal={Ear and hearing},
  volume={41},
  number={Suppl 1},
  pages={140S},
  year={2020},
  publisher={Wolters Kluwer Health}
}

@article{slater2009visual,
  title={Visual realism enhances realistic response in an immersive virtual environment},
  author={Slater, Mel and Khanna, Pankaj and Mortensen, Jesper and Yu, Insu},
  journal={IEEE computer graphics and applications},
  volume={29},
  number={3},
  pages={76--84},
  year={2009},
  publisher={IEEE}
}

@article{yang2022audio,
  title={Audio augmented reality: a systematic review of technologies, applications, and future research directions},
  author={Yang, Jing and Barde, Amit and Billinghurst, Mark},
  journal={journal of the audio engineering society},
  volume={70},
  number={10},
  pages={788--809},
  year={2022},
  publisher={Audio Engineering Society}
}
@article{vorlander2015virtual,
  title={Virtual reality for architectural acoustics},
  author={Vorl{\"a}nder, Michael and Schr{\"o}der, Dirk and Pelzer, S{\"o}nke and Wefers, Frank},
  journal={Journal of Building Performance Simulation},
  volume={8},
  number={1},
  pages={15--25},
  year={2015},
  publisher={Taylor \& Francis}
}
@article{berardi2016acoustic,
  title={Acoustic intervention in a cultural heritage: The chapel of the Royal Palace in Caserta, Italy},
  author={Berardi, Umberto and Iannace, Gino and Ianniello, Carmine},
  journal={Buildings},
  volume={6},
  number={1},
  pages={1},
  year={2016},
  publisher={Multidisciplinary Digital Publishing Institute}
}

@article{lokki2002creating,
  title={Creating interactive virtual auditory environments},
  author={Lokki, Tapio and Savioja, Lauri and V{\"a}{\"a}n{\"a}nen, Riitta and Huopaniemi, Jyri and Takala, Tapio},
  journal={IEEE Computer Graphics and Applications},
  number={4},
  volume={1},
  pages={49--57},
  year={2002},
  publisher={IEEE}
}
@article{selmanovic2020vr,
author = {Selmanovi\'{c}, Elmedin and Rizvic, Selma and Harvey, Carlo and Boskovic, Dusanka and Hulusic, Vedad and Chahin, Malek and Sljivo, Sanda},
title = {Improving Accessibility to Intangible Cultural Heritage Preservation Using Virtual Reality},
year = {2020},
issue_date = {June 2020},
publisher = {Association for Computing Machinery},
address = {New York, NY, USA},
volume = {13},
number = {2},
issn = {1556-4673},
url = {https://doi.org/10.1145/3377143},
doi = {10.1145/3377143},
journal = {J. Comput. Cult. Herit.},
month = may,
articleno = {13},
numpages = {19},
keywords = {head-mounted display, Virtual reality, intangible cultural heritage, storytelling}
}

@article{selmanovic2020cultural,
author = {Selmanovi\'{c}, Elmedin and Rizvic, Selma and Harvey, Carlo and Boskovic, Dusanka and Hulusic, Vedad and Chahin, Malek and Sljivo, Sanda},
title = {Improving Accessibility to Intangible Cultural Heritage Preservation Using Virtual Reality},
year = {2020},
issue_date = {June 2020},
publisher = {Association for Computing Machinery},
address = {New York, NY, USA},
volume = {13},
number = {2},
issn = {1556-4673},
url = {https://doi.org/10.1145/3377143},
doi = {10.1145/3377143},
abstract = {Presentations of virtual cultural heritage artifacts are often communicated via the medium of interactive digital storytelling. The synergy of a storied narrative embedded within a 3D virtual reconstruction context has high consumer appeal and edutainment value. We investigate if 360Â° videos presented through virtual reality further contribute to user immersion for the application of preserving intangible cultural heritage. A case study then analyzes whether conventional desktop media is significantly different from virtual reality as a medium for immersion in intangible heritage contexts. The case study describes bridge diving at Stari Most, the old bridge in Mostar Bosnia. This application aims to present and preserve the bridge diving tradition at this site. The project describes the site and history along with cultural connections, and a series of quiz questions are presented after viewing all of the materials. Successful completion of the quiz allows a user to participate in a virtual bridge dive. The subjective evaluation provided evidence to suggest that our method is successful in preserving intangible heritage and communicating ideas in key areas of concern for this heritage that can be used to develop a preservation framework in the future. It was also possible to conclude that experience within the virtual reality framework did not affect effort expectancy for the web application, but the same experience significantly influenced the performance expectancy construct.},
journal = {J. Comput. Cult. Herit.},
month = {may},
articleno = {13},
numpages = {19},
keywords = {intangible cultural heritage, head-mounted display, storytelling, Virtual reality}
}

@inproceedings{schofield2018viking,
  title={Viking VR: designing a virtual reality experience for a museum},
  author={Schofield, Guy and Beale, Gareth and Beale, Nicole and Fell, Martin and Hadley, Dawn and Hook, Jonathan and Murphy, Damian and Richards, Julian and Thresh, Lewis},
  booktitle={Proceedings of the 2018 Designing Interactive Systems Conference},
  pages={805--815},
  year={2018}
}

@article{ke2018virtual,
  title={Virtual collaborative gaming as social skills training for high-functioning autistic children},
  author={Ke, Fengfeng and Moon, Jewoong},
  journal={British Journal of Educational Technology},
  volume={49},
  number={4},
  pages={728--741},
  year={2018},
  publisher={Wiley Online Library}
}

@article{yuen2011augmented,
  title={Augmented reality: An overview and five directions for AR in education},
  author={Yuen, Steve Chi-Yin and Yaoyuneyong, Gallayanee and Johnson, Erik},
  journal={Journal of Educational Technology Development and Exchange (JETDE)},
  volume={4},
  number={1},
  pages={11},
  year={2011}
}

@article{ahir2020application,
  title={Application on virtual reality for enhanced education learning, military training and sports},
  author={Ahir, Kunjal and Govani, Kajal and Gajera, Rutvik and Shah, Manan},
  journal={Augmented Human Research},
  volume={5},
  pages={1--9},
  year={2020},
  publisher={Springer}
}

@article{harris2020effect,
  title={The effect of a virtual reality environment on gaze behaviour and motor skill learning},
  author={Harris, David J and Buckingham, Gavin and Wilson, Mark R and Brookes, Jack and Mushtaq, Faisal and Mon-Williams, Mark and Vine, Samuel J},
  journal={Psychology of Sport and Exercise},
  volume={50},
  pages={101721},
  year={2020},
  publisher={Elsevier}
}

@article{park2022metaverse,
  title={A metaverse: Taxonomy, components, applications, and open challenges},
  author={Park, Sang-Min and Kim, Young-Gab},
  journal={IEEE access},
  volume={10},
  pages={4209--4251},
  year={2022},
  publisher={IEEE}
}

@inproceedings{yang2019audio,
  title={Audio augmented reality for human-object interactions},
  author={Yang, Jing and Mattern, Friedemann},
  booktitle={Adjunct Proceedings of the 2019 ACM International Joint Conference on Pervasive and Ubiquitous Computing and Proceedings of the 2019 ACM International Symposium on Wearable Computers},
  pages={408--412},
  year={2019}
}

@article{freeman2004mixed,
  title={Mixed reality toolkit},
  author={Freeman, Russell},
  journal={MSc VIVE Final Year Project Report, Department of Computer Science, University College London},
  year={2004},
  publisher={Citeseer}
}

@article{zhang18,
author = {Zhang, Zechen and Raghuvanshi, Nikunj and Snyder, John and Marschner, Steve},
title = {Ambient Sound Propagation},
year = {2018},
issue_date = {November 2018},
publisher = {Association for Computing Machinery},
address = {New York, NY, USA},
volume = {37},
number = {6},
issn = {0730-0301},
url = {https://doi.org/10.1145/3272127.3275100},
doi = {10.1145/3272127.3275100},
abstract = {Ambient sounds arise from a massive superposition of chaotic events distributed over a large area or volume, such as waves breaking on a beach or rain hitting the ground. The directionality and loudness of these sounds as they propagate in complex 3D scenes vary with listener location, providing cues that distinguish indoors from outdoors and reveal portals and occluders. We show that ambient sources can be approximated using an ideal notion of spatio-temporal incoherence and develop a lightweight technique to capture their global propagation effects. Our approach precomputes a single FDTD simulation using a sustained source signal whose phase is randomized over frequency and source extent. It then extracts a spherical harmonic encoding of the resulting steady-state distribution of power over direction and position in the scene using an efficient flux density formulation. The resulting parameter fields are smooth and compressible, requiring only a few MB of memory per extended source. We also present a fast binaural rendering technique that exploits phase incoherence to reduce filtering cost.},
journal = {ACM Trans. Graph.},
month = dec,
articleno = {184},
numpages = {10},
keywords = {finite difference time domain (FDTD) wave simulation, spatialization, perceptual coding, interference, flux density, spherical harmonics (SH), head related transfer function (HRTF), diffraction, incoherent extended source}
}

@inproceedings{harvey2018olfaction,
  title={Olfaction and selective rendering},
  author={Harvey, Carlo and Bashford-Rogers, Thomas and Debattista, Kurt and Doukakis, Efstratios and Chalmers, Alan},
  booktitle={Computer Graphics Forum},
  volume={37},
  number={1},
  pages={350--362},
  year={2018},
  organization={Wiley Online Library}
}
@article{doukakis2019audio,
  title={Audio-visual-olfactory resource allocation for tri-modal virtual environments},
  author={Doukakis, Efstratios and Debattista, Kurt and Bashford-Rogers, Thomas and Dhokia, Amar and Asadipour, Ali and Chalmers, Alan and Harvey, Carlo},
  journal={IEEE transactions on visualization and computer graphics},
  volume={25},
  number={5},
  pages={1865--1875},
  year={2019},
  publisher={IEEE}
}

@article{lokki2005navigation,
  title={Navigation with auditory cues in a virtual environment},
  author={Lokki, Tapio and Grohn, Matti},
  journal={IEEE MultiMedia},
  volume={12},
  number={2},
  pages={80--86},
  year={2005},
  publisher={IEEE}
}

@article{rubio2017immersive,
  title={Immersive environments and virtual reality: Systematic review and advances in communication, interaction and simulation},
  author={Rubio-Tamayo, Jose Luis and Gertrudix Barrio, Manuel and Garc{\'\i}a Garc{\'\i}a, Francisco},
  journal={Multimodal technologies and interaction},
  volume={1},
  number={4},
  pages={21},
  year={2017},
  publisher={MDPI}
}
@inproceedings{bork2015auditory,
  title={Auditory and visio-temporal distance coding for 3-dimensional perception in medical augmented reality},
  author={Bork, Felix and Fuers, Bernhard and Schneider, Anja-Katharina and Pinto, Francisco and Graumann, Christoph and Navab, Nassir},
  booktitle={2015 IEEE ISMAR},
  pages={7--12},
  year={2015},
  organization={IEEE}
}

% **********************************************************************************************************************************************************
% ***** Graphics
% **********************************************************************************************************************************************************

@inproceedings{fuchs_bsp,
author = {Fuchs, Henry and Kedem, Zvi M. and Naylor, Bruce F.},
title = {On visible surface generation by a priori tree structures},
year = {1980},
isbn = {0897910214},
publisher = {Association for Computing Machinery},
address = {New York, NY, USA},
url = {https://doi.org/10.1145/800250.807481},
doi = {10.1145/800250.807481},
abstract = {This paper describes a new algorithm for solving the hidden surface (or line) problem, to more rapidly generate realistic images of 3-D scenes composed of polygons, and presents the development of theoretical foundations in the area as well as additional related algorithms. As in many applications the environment to be displayed consists of polygons many of whose relative geometric relations are static, we attempt to capitalize on this by preprocessing the environment's database so as to decrease the run-time computations required to generate a scene. This preprocessing is based on generating a âbinary space partitioningâ tree whose in order traversal of visibility priority at run-time will produce a linear order, dependent upon the viewing position, on (parts of) the polygons, which can then be used to easily solve the hidden surface problem. In the application where the entire environment is static with only the viewing-position changing, as is common in simulation, the results presented will be sufficient to solve completely the hidden surface problem.},
booktitle = {Proceedings of the 7th Annual Conference on Computer Graphics and Interactive Techniques},
pages = {124â133},
numpages = {10},
location = {Seattle, Washington, USA},
series = {SIGGRAPH '80} 
}



@book{pharr2023physically,
  title={Physically based rendering: From theory to implementation},
  author={Pharr, Matt and Jakob, Wenzel and Humphreys, Greg},
  year={2023},
  publisher={MIT Press}
}

@inproceedings{mildenhall2020nerf,
 title={NeRF: Representing Scenes as Neural Radiance Fields for View Synthesis},
 author={Ben Mildenhall and Pratul P. Srinivasan and Matthew Tancik and Jonathan T. Barron and Ravi Ramamoorthi and Ren Ng},
 year={2020},
 booktitle={ECCV},
}
@article{bajuelos2008optimizing,
  title={Optimizing the minimum vertex guard set on simple polygons via a genetic algorithm},
  author={Bajuelos, Antonio L and Canales, Santiago and Hern{\'a}ndez, Gregorio and Martins, Ana Mafalda},
  journal={WSEAS Transactions in Information Science and Applications},
  volume={5},
  number={11},
  pages={1584--1596},
  year={2008}
}

@book{devadoss2011discrete,
  title={Discrete and computational geometry},
  author={Devadoss, Satyan L and O'Rourke, Joseph},
  year={2011},
  publisher={Princeton University Press}
}

@inproceedings{kopta2012fast,
  title={Fast, effective BVH updates for animated scenes},
  author={Kopta, Daniel and Ize, Thiago and Spjut, Josef and Brunvand, Erik and Davis, Al and Kensler, Andrew},
  booktitle={Proceedings of the ACM SIGGRAPH Symposium on Interactive 3D Graphics and Games},
  pages={197--204},
  year={2012}
}
@book{shirley2008realistic,
  title={Realistic ray tracing},
  author={Shirley, Peter and Morley, R Keith},
  year={2008},
  publisher={AK Peters, Ltd.}
}

@article{wald2007ray,
  title={Ray tracing deformable scenes using dynamic bounding volume hierarchies},
  author={Wald, Ingo and Boulos, Solomon and Shirley, Peter},
  journal={ACM Transactions on Graphics (TOG)},
  volume={26},
  number={1},
  pages={6--es},
  year={2007},
  publisher={ACM New York, NY, USA}
}

@misc{bourke1994polygonising,
  title={Polygonising a scalar field},
  author={Bourke, Paul},
  year={1994}
}

@book{lengyel2019foundations,
  title={Foundations of Game Engine Development: Volume 2: Rendering},
  publisher={Terathon Software},
  author={Lengyel, Eric},
  year={2019}
}

@book{marschner2015fundamentals,
  title={Fundamentals of computer graphics},
  author={Marschner, Steve and Shirley, Peter},
  year={2015},
  publisher={CRC Press}
}

@inproceedings{mcallister2002efficient,
  title={Efficient rendering of spatial bi-directional reflectance distribution functions},
  author={McAllister, David K and Lastra, Anselmo and Heidrich, Wolfgang},
  booktitle={Proceedings of the ACM SIGGRAPH/EUROGRAPHICS conference on Graphics hardware},
  pages={79--88},
  year={2002}
}
@article{bonneel2010bimodal,
  title={Bimodal perception of audio-visual material properties for virtual environments},
  author={Bonneel, Nicolas and Suied, Clara and Viaud-Delmon, Isabelle and Drettakis, George},
  journal={ACM Transactions on Applied Perception (TAP)},
  volume={7},
  number={1},
  pages={1--16},
  year={2010},
  publisher={ACM New York, NY, USA}
}

% **********************************************************************************************************************************************************
% ***** Statistics / Maths
% **********************************************************************************************************************************************************

@article{pearson1977tests,
  title={Tests for departure from normality: Comparison of powers},
  author={Pearson, Egon S and D'Agostino, Ralph B and Bowman, Kimiko O},
  journal={Biometrika},
  volume={64},
  number={2},
  pages={231--246},
  year={1977},
  publisher={Oxford University Press}
}
